@misc{openletter,
  title={Pause Giant AI Experiments: An Open Letter},
  author={Various},
  year={2023},
  url={https://futureoflife.org/open-letter/pause-giant-ai-experiments/}
}

@misc{yudkowsky2023pausing,
author = {Eliezer Yudkowsky},
title = {Pausing AI Developments Isn't Enough. We Need to Shut it All Down},
url = {https://time.com/6266923/ai-eliezer-yudkowsky-open-letter-not-enough/},
year = {2023},
month = {March},
day = {29},
publisher = {Time},
}

@article{manyika2015beyond,
  title={Beyond the hype: Big data concepts, methods, and analytics},
  author={Manyika, James and Chui, Michael and Brown, Brad and Bughin, Jacques and Dobbs, Richard and Roxburgh, Charles and Byers, Angela H.},
  journal={International Journal of Information Management},
  volume={35},
  number={2},
  pages={137--144},
  year={2015},
  publisher={Elsevier},
  doi={10.1016/j.ijinfomgt.2014.10.007},
  license={CC BY-NC-ND 3.0}
}

@article{schwab2016fourth,
  author = {Schwab, Klaus},
  title = {The fourth industrial revolution: what it means, how to respond},
  journal = {World Economic Forum},
  volume = {},
  number = {},
  pages = {},
  year = {2016},
  doi = {},
  URL = {https://www.weforum.org/agenda/2016/01/the-fourth-industrial-revolution-what-it-means-and-how-to-respond/}
}
@book{lee2018aisuperpowers,
title={AI Superpowers: China, Silicon Valley, and the New World Order},
author={Lee, Kai-Fu},
year={2018},
publisher={Houghton Mifflin Harcourt},
address={Boston, MA}
}
@article{silver2016mastering,
  author={Silver, D.},
  title={Mastering the game of Go with deep neural networks and tree search},
  journal={Nature},
  volume={529},
  number={7587},
  pages={484--489},
  year={2016},
  doi={10.1038/nature16961},
  URL={https://www.nature.com/articles/nature16961}
}

@article{topol2019high,
  author={Topol, E. J.},
  title={High-performance medicine: the convergence of human and artificial intelligence},
  journal={Nature Medicine},
  volume={25},
  number={1},
  pages={44--56},
  year={2019},
  doi={10.1038/s41591-018-0300-7},
  URL={https://www.nature.com/articles/s41591-018-0300-7}
}

@article{guo2018application,
title={The Application of Medical Artificial Intelligence Technology in Rural Areas of Developing Countries},
author={Guo, Jonathan and Li, Bin},
journal={Health Equity},
volume={2},
number={1},
pages={174--181},
year={2018},
publisher={Mary Ann Liebert, Inc.},
doi={10.1089/heq.2018.0037},
url={https://doi.org/10.1089/heq.2018.0037},
pmid={30283865},
pmcid={PMC6110188},
logo={heq}
}

@article{yang2021intelligent,
title={Intelligent Health Care: Applications of Deep Learning in Computational Medicine},
author={Yang, Sijie and Zhu, Fei and Ling, Xinghong and Liu, Quan and Zhao, Peiyao},
journal={Frontiers in Genetics},
volume={12},
year={2021},
month={April},
day={12},
publisher={Frontiers},
pages={607471},
doi={10.3389/fgene.2021.607471},
archivePrefix = {arXiv},
eprint = {2104.11132},
primaryClass = {q-bio.QM},
url={https://doi.org/10.3389/fgene.2021.607471}
}

@article{kumar2022artificial,
title={Artificial intelligence in disease diagnosis: a systematic literature review, synthesizing framework and future research agenda},
author={Kumar, Yogesh and Koul, Apeksha and Singla, Ruchi and Ijaz, Muhammad Fazal},
journal={J Ambient Intell Humaniz Comput},
volume={1},
number={1},
pages={1--28},
year={2022},
publisher={Springer},
doi={10.1007/s12652-021-03612-z},
pmid={35039756},
pmcid={PMC8754556},
url={https://www.ncbi.nlm.nih.gov/pmc/articles/PMC8754556/},
note={Epub ahead of print}
}
@article{jiang2017artificial,
title={Artificial intelligence in healthcare: past, present and future},
author={Jiang, Fei and Jiang, Yong and Zhi, Hui and Dong, Yi and Li, Hao and Ma, Sufeng and Wang, Yilong and Dong, Qiang and Shen, Haipeng and Wang, Yongjun},
journal={Review Stroke Vasc Neurol},
volume={2},
number={4},
pages={230--243},
year={2017},
publisher={BMJ Publishing Group Ltd},
doi={http://dx.doi10.1136/svn-2017-000101},
url={https://svn.bmj.com/content/2/4/230}
}

@article{yang2022large,
title={A large language model for electronic health records},
author={Yang, Xi and Chen, Aokun and PourNejatian, Nima and Shin, Hoo Chang and Smith, Kaleb E and Parisien, Christopher and Compas, Colin and Martin, Cheryl and Costa, Anthony B and Flores, Mona G and Zhang, Ying and Magoc, Tanja and Harle, Christopher A and Lipori, Gloria and Mitchell, Duane A and Hogan, William R and Shenkman, Elizabeth A and Bian, Jiang and Wu, Yonghui},
journal={npj Digital Medicine},
volume={5},
number={1},
pages={194},
year={2022},
publisher={Nature Publishing Group}
}

@article{singhal2022large,
title={Large Language Models Encode Clinical Knowledge},
author={Singhal, K. and Azizi, S. and Tu, T. and Mahdavi, S. S. and Wei, J. and Chung, H. W. Natarajan, V. and others},
journal={arXiv preprint arXiv:2212.13138},
year={2022},
url = {https://arxiv.org/pdf/2212.13138.pdf}
}

@article{Cheng2018Network-based,
title={Network-based approach to prediction and population-based validation of in silico drug repurposing},
author={Cheng, Feixiong and Desai, Rishi J. and Handy, Diane E. and Wang, Ruisheng and Schneeweiss, Sebastian and Barab{'a}si, Albert-L{'a}szl{'o} and Loscalzo, Joseph},
journal={Nature Communications},
volume={9},
number={1},
pages={2691},
year={2018},
publisher={Nature Publishing Group}
}

@article{fabrizio2021artificial,
title={Artificial Intelligence for Alzheimer’s Disease: Promise or Challenge?},
author={Fabrizio, Carlo and Termine, Andrea and Caltagirone, Carlo and Sancesario, Giulia},
journal={Diagnostics},
volume={11},
number={8},
pages={1473},
year={2021},
publisher={Multidisciplinary Digital Publishing Institute},
doi={10.3390/diagnostics11081473},
pmcid={PMC8391160},
pmid={34441407},
editor={Nacmias, Benedetta}
}

@article{sebastian2022artificial,
title={Artificial Intelligence in Cancer Research: Trends, Challenges and Future Directions},
author={Sebastian, Anu Maria and Peter, David},
journal={Life},
volume={12},
number={12},
pages={1991},
year={2022},
publisher={Multidisciplinary Digital Publishing Institute},
doi={https://doi.org/10.3390/life12121991},
url={https://www.mdpi.com/2075-1729/12/12/1991},
note={This article belongs to the Special Issue Application of Artificial Intelligence in Human Disease Understanding and Drug Discovery},
address={Department of Computer Science, Cochin University of Science and Technology, Kochi 682022, Kerala, India},
issn={2075-1729},
received={14 October 2022},
revised={18 November 2022},
accepted={25 November 2022},
published={28 November 2022}
}

@article{marcus2020artificial,
title={Artificial Intelligence and Machine Learning for HIV Prevention: Emerging Approaches to Ending the Epidemic},
author={Marcus, Julia L and Sewell, Whitney C and Balzer, Laura B and Krakower, Douglas S},
journal={Current HIV/AIDS Reports},
volume={17},
number={3},
pages={171-179},
year={2020},
publisher={Springer},
doi={10.1007/s11904-020-00490-6},
PMID={32347446},
PMCID={PMC7260108},
NIHMSID={NIHMS1589053}
}

@article{xiang2022review,
title={Review of Application of Artificial Intelligence and Machine Learning for HIV Prevention Interventions to Eliminate HIV},
author={Xiang, Yang and Du, Jingcheng and Fujimoto, Kayo and Li, Fang and Schneider, John and Tao, Cui},
journal={The Lancet HIV},
volume={9},
number={1},
pages={e54--e62},
year={2022},
publisher={Elsevier},
doi={10.1016/S2352-3018(21)00247-2},
pmid={34762838},
pmcid={PMC9840899},
nihmsid={NIHMS1861766},
url={https://www.ncbi.nlm.nih.gov/pmc/articles/PMC9840899/}
}

@article{xu2020reinforcement,
  author = {Xu, Yi-Han and Xie, Jing-Wei and Zhang, Yang-Gang and Hua, Min and Zhou, Wen},
  title = {Reinforcement Learning (RL)-Based Energy Efficient Resource Allocation for Energy Harvesting-Powered Wireless Body Area Network},
  journal = {Sensors},
  volume = {20},
  number = {1},
  pages = {44},
  year = {2020},
  publisher = {Multidisciplinary Digital Publishing Institute},
  doi = {10.3390/s20010044},
  url = {https://doi.org/10.3390/s20010044},
}

@article{skolnick2021alphafold2,
title={AlphaFold 2: Why It Works and Its Implications for Understanding the Relationships of Protein Sequence, Structure, and Function},
author={Skolnick, Jeffrey and Gao, Mu and Zhou, Hongyi and Singh, Suresh},
journal={J Chem Inf Model},
volume={61},
number={10},
pages={4827--4831},
year={2021},
publisher={ACS Publications},
pmid={34586808},
pmcid={PMC8592092},
doi={10.1021/acs.jcim.1c01114},
note={PMID: 34586808, NIHMSID: NIHMS1751143},
url={https://www.ncbi.nlm.nih.gov/pmc/articles/PMC8592092/}
}

@article{vinhoven2022complementary,
title={Complementary Dual Approach for In Silico Target Identification of Potential Pharmaceutical Compounds in Cystic Fibrosis},
author={Vinhoven, Liza and Stanke, Frauke and Hafkemeyer, Sylvia and Nietert, Manuel Manfred},
journal={International Journal of Molecular Sciences},
volume={23},
number={20},
pages={12351},
year={2022},
publisher={Multidisciplinary Digital Publishing Institute},
doi={10.3390/ijms232012351},
url={https://doi.org/10.3390/ijms232012351}
}

@article{Ren2023AlphaFold,
author = {Ren, Feng and Ding, Xiao and Zheng, Min and Korzinkin, Mikhail and Cai, Xin and Zhu, Wei and Mantsyzov, Alexey and Aliper, Alex and Aladinskiy, Vladimir and Cao, Zhongying and Kong, Shanshan and Long, Xi and Liu, Bonnie Hei Man and Liu, Yingtao and Naumov, Vladimir and Shneyderman, Anastasia and Ozerov, Ivan V. and Wang, Ju and Pun, Frank W. and Polykovskiy, Daniil A. and Sun, Chong and Levitt, Michael and Aspuru-Guzik, Alán and Zhavoronkov, Alex},
title = {AlphaFold accelerates artificial intelligence powered drug discovery: efficient discovery of a novel CDK20 small molecule inhibitor},
journal = {Chemical Science},
year = {2023},
volume = {14},
pages = {1443-1452},
doi = {10.1039/D2SC05709C},
publisher = {Royal Society of Chemistry},
note = {This article is Open Access},
issn = {2041-6520},
type = {Edge Article},
url = {https://doi.org/10.1039/D2SC05709C},
date = {10 Jan 2023},
}

@article{ros-lucas2022alphafold,
title={The Use of AlphaFold for In Silico Exploration of Drug Targets in the Parasite Trypanosoma cruzi},
author={Ros-Lucas, Albert and Martinez-Peinado, Nieves and Bastida, Jaume and Gascón, Joaquim and Alonso-Padilla, Julio},
journal={Frontiers in Cellular and Infection Microbiology},
volume={12},
pages={944748},
year={2022},
month={July},
doi={10.3389/fcimb.2022.944748},
publisher={Frontiers}
}

@article{Wong2022,
author = {Wong, Felix and Krishnan, Aarti and Zheng, Erica J and Stärk, Hannes and Manson, Abigail L and Earl, Ashlee M and Jaakkola, Tommi and Collins, James J},
title = {Benchmarking AlphaFold-enabled molecular docking predictions for antibiotic discovery},
journal = {Molecular Systems Biology},
volume = {18},
number = {9},
pages = {e11081},
year = {2022},
doi = {10.15252/msb.202211081},
note = {Open Access, Transparent Process}
}

@article{olugbade2022review,
title={A Review of Artificial Intelligence and Machine Learning for Incident Detectors in Road Transport Systems},
author={Olugbade, Samuel and Ojo, Stephen and Imoize, Agbotiname Lucky and Isabona, Joseph and Alaba, Mathew O.},
journal={Mathematics and Computers in Applied Science},
volume={27},
number={5},
pages={77},
year={2022},
publisher={Multidisciplinary Digital Publishing Institute},
doi={10.3390/mca27050077},
note={This article belongs to the Special Issue Setting the Future of Smart Industry 4.0 with Metaheuristic Algorithms},
}

@article{tselentis2023usefulness,
title={The usefulness of artificial intelligence for safety assessment of different transport modes},
author={Tselentis, Dimitrios I. and Papadimitriou, Eleonora and van Gelder, Pieter},
journal={Accident Analysis \& Prevention},
volume={186},
pages={107034},
year={2023},
month={June},
publisher={Elsevier},
doi={10.1016/j.aap.2023.107034},
url={https://doi.org/10.1016/j.aap.2023.107034},
eprint={https://doi.org/10.1016/j.aap.2023.107034}
}
@book{das2022aihighwaysafety,
title={Artificial Intelligence in Highway Safety},
author={Das, Subasish},
edition={1},
publisher={CRC Press},
year={2022},
doi={10.1201/9781003005599},
isbn={978-0-367-43670-4}
}

@article{fitzpatrick2017delivering,
title={Delivering Cognitive Behavior Therapy to Young Adults With Symptoms of Depression and Anxiety Using a Fully Automated Conversational Agent (Woebot): A Randomized Controlled Trial},
author={Fitzpatrick, Kathleen Kara and Darcy, Alison and Vierhile, Molly},
journal={JMIR Mental Health},
volume={4},
number={2},
pages={e19},
year={2017},
month={Apr-Jun},
publisher={JMIR Publications Inc.},
doi={10.2196/mental.7785},
pmcid={PMC5478797},
pmid={28588005}
}

@article{gupta2022delivery,
title={Delivery of a Mental Health Intervention for Chronic Pain Through an Artificial Intelligence–Enabled App (Wysa): Protocol for a Prospective Pilot Study},
author={Gupta, Megha and Malik, Tanya and Sinha, Chaitali},
journal={JMIR research protocols},
volume={11},
number={3},
pages={e36910},
year={2022},
month={Mar},
publisher={JMIR Publications Inc.},
doi={10.2196/36910},
pmcid={PMC9015778},
PMID={35314423},
note={Monitoring Editor: Tiffany Leung. Reviewed by Simon Hoermann and Hiroki Tanaka.},
address={Wysa Inc, Boston, MA, United States}
}

@article{kjell-schwartz2023AI,
title={AI-based Large Language Models are Ready to Transform Psychological Health Assessment},
author={Kjell, Oscar N.E. and Kjell, Katarina and Schwartz, H. Andrew},
journal={psyarxiv.com},
year={2023},
month={April},
doi={10.31234/osf.io/yfd8g},
license={CC-By Attribution 4.0 International},
publicdata={Available},
preregistration={No},
conflictofinterest={Yes},
supplementalmaterials={osf.io/7aenc/},
}
@article{Kasneci2023ChatGPT,
title={ChatGPT for Good? On Opportunities and Challenges of Large Language Models for Education},
author={Kasneci, Enkelejda and Seßler, Kathrin and Kuechemann, Stefan and Bannert, Maria},
journal={Learning and Instruction},
volume={72},
pages={102274},
year={2023},
month={January},
doi={10.1016/j.lindif.2023.102274},
publisher={Elsevier},
project={TUM Center for Educational Technologies (TUM EdTech Center)}
}

@article{ferreira2021using,
  title={Using artificial intelligence to overcome over-indebtedness and fight poverty},
  author={Ferreira, M{\'a}rio Boto and Pinto, Diego Costa and Herter, M{\'a}rcia Maurer and Soro, Jer{\^o}nimo and Vanneschi, Leonardo and Castelli, Mauro and Peres, Fernando},
  journal={Journal of Business Research},
  volume={131},
  pages={411--425},
  year={2021},
  month={July},
  doi={10.1016/j.jbusres.2020.10.035},
  publisher={Elsevier},
  pmid={33100428},
  pmcid={PMC7571461}
}

@article{cowls2023ai,
title={The AI gambit: leveraging artificial intelligence to combat climate change—opportunities, challenges, and recommendations},
author={Cowls, Josh and Tsamados, Andreas and Taddeo, Mariarosaria and Floridi, Luciano},
journal={AI \& Society},
volume={38},
pages={283--307},
year={2023},
publisher={Springer},
doi={10.1007/s00146-021-01369-7},
url={https://doi.org/10.1007/s00146-021-01369-7},
}

@article{chamara2020role,
title={Role of Artificial Intelligence in Achieving Global Food Security: A Promising Technology for the Future},
author={Chamara, Ruwan and Senevirathne, S. M. P. and Samarasinghe, S. A. I. L. N. and Premasiri, M. W. R. C.},
journal={Sri Lanka Journal of Food and Agriculture},
volume={6},
number={2},
pages={43},
year={2020},
doi={10.4038/sljfa.v6i2.88}
}

@article{macintyre2022preventing,
  title={Preventing the next pandemic: Use of artificial intelligence for epidemic monitoring and alerts},
  author={MacIntyre, C. Raina and Lim, Samsung and Quigley, Ashley},
  journal={Cell Reports Medicine},
  volume={3},
  number={12},
  pages={100867},
  year={2022},
  month={December},
  doi={10.1016/j.xcrm.2022.100867},
  publisher={Elsevier},
  pmcid={PMC9798013},
  PMID={36543103},
}
@article{zheng2022ai,
  title={The AI Economist: Taxation policy design via two-level deep multiagent reinforcement learning},
  author={Zheng, Stephan and Trott, Alexander and Srinivasa, Sunil and Parkes, David C. and Socher, Richard},
  journal={Science Advances},
  volume={8},
  number={18},
  pages={eabk2607},
  year={2022},
  month={May},
  doi={10.1126/sciadv.abk2607},
  publisher={American Association for the Advancement of Science},
  pmid={35507657},
  pmcid={PMC9067926},
  url={https://advances.sciencemag.org/content/8/18/eabk2607}
}

@article{starke2020AIpoliticaleu,
title={Artificial intelligence for political decision-making in the European Union: Effects on citizens’ perceptions of input, throughput, and output legitimacy},
author={Starke, Christopher and Lünich, Marco},
journal={Data \& Policy},
volume={2},
pages={e16},
year={2020},
doi={10.1017/dap.2020.19},
publisher={Cambridge University Press},
url={https://doi.org/10.1017/dap.2020.19},
}
@article{subramaniam2022artificial,
title={Artificial Intelligence Technologies for Forecasting Air Pollution and Human Health: A Narrative Review},
author={Subramaniam, Shankar and Raju, Naveenkumar and Ganesan, Abbas and Rajavel, Nithyaprakash and Chenniappan, Maheswari and Prakash, Chander and Pramanik, Alokesh and Basak, Animesh Kumar and Dixit, Saurav},
journal={Sustainability},
volume={14},
number={16},
pages={9951},
year={2022},
publisher={MDPI AG},
doi={10.3390/su14169951},
}

@article{sourdin2018judge,
title={Judge v Robot? Artificial Intelligence and Judicial Decision-Making},
author={Sourdin, Tania},
journal={UNSW Law Journal},
volume={41},
number={4},
pages={1114},
year={2018},
doi={10.53637/ZGUX2213}
}

@article{amlta2021proceedings,
title={Advanced Machine Learning Technologies and Applications},
author={Hassanien, Aboul-Ella and Chang, Kuo-Chi and Tang, Mincong},
journal={Proceedings of AMLTA 2021},
year={2021},
publisher={© 2021},
url = {https://link.springer.com/book/10.1007/978-3-030-69717-4}
}

@article{stutz2006get,
title={Get started with GAWK: AWK language fundamentals},
author={Stutz, Michael},
journal={developerWorks},
publisher={IBM},
year={2006},
month={9},
day={19},
url={https://web.archive.org/web/20110520232835/http://www.ibm.com/developerworks/aix/tutorials/au-gawk/section2.html},
}

@article{krizhevsky2017imagenet,
title={ImageNet classification with deep convolutional neural networks},
author={Krizhevsky, Alex and Sutskever, Ilya and Hinton, Geoffrey E.},
journal={Communications of the ACM},
volume={60},
number={6},
pages={84--90},
year={2017},
publisher={ACM},
doi={10.1145/3065386},
ISSN={0001-0782},
S2CID={195908774},
url={https://proceedings.neurips.cc/paper/2012/file/c399862d3b9d6b76c8436e924a68c45b-Paper.pdf}
}

@article{deng2009imagenet,
title={ImageNet: A large-scale hierarchical image database},
author={Deng, Jia and Dong, Wei and Socher, Richard and Li, Li-Jia and Li, Kai and Fei-Fei, Li},
journal={2009 IEEE Conference on Computer Vision and Pattern Recognition},
year={2009},
publisher={IEEE},
pages={248--255},
doi={10.1109/CVPR.2009.5206848},
isbn={978-1-4244-3992-8},
issn={1063-6919},
inspec={10836047},
url={https://ieeexplore.ieee.org/document/5206848}
}

@article{hastie2008elements,
title={The Elements of Statistical Learning: Overview of Supervised Learning},
author={Hastie, Trevor and Tibshirani, Robert and Friedman, Jerome},
journal={Springer Series in Statistics},
volume={SSS},
year={2008},
isbn={978-3-030-69717-4},
url={https://doi.org/10.1007/978-0-387-84858-7\_2},
doi={10.1007/978-0-387-84858-7_2},
chapter={Overview of Supervised Learning},
publisher={Springer}
}

@article{ILSVRC2012,
title={Large Scale Visual Recognition Challenge 2012 (ILSVRC2012)},
author={ILSVRC2012},
journal={Held in conjunction with PASCAL Visual Object Classes Challenge 2012 (VOC2012)},
year={2012},
url={https://image-net.org/challenges/LSVRC/2012/results.html},
}

@article{lemarechal2010cauchy,
title={Cauchy and the Gradient Method},
author={Lemarechal, Claude},
journal={Documenta Math.},
volume={251},
year={2010},
msc2010={65K05, 90C30},
url={https://www.math.uni-bielefeld.de/documenta/vol-ismp/40\_lemarechal-claude.pdf}
}

@article{hornik1989multilayer,
title={Multilayer Feedforward Networks are Universal Approximators},
author={Hornik, Kurt and Stinchcombe, Maxwell and White, Halbert},
journal={Neural Networks},
volume={2},
number={4},
pages={359-366},
year={1989},
publisher={Pergamon Press plc},
doi={10.1016/0893-6080(89)90020-8}
}

@article{behera2006adaptive,
title={On Adaptive Learning Rate That Guarantees Convergence in Feedforward Networks},
author={Behera, L. and Kumar, S. and Patnaik, A.},
journal={IEEE Transactions on Neural Networks},
volume={17},
number={5},
pages={1116--1125},
year={2006},
publisher={IEEE},
doi={10.1109/TNN.2006.878121},
ISSN={1045-9227},
PubMedID={17001974},
INSPECAccessionNumber={9083053},
url={https://ieeexplore.ieee.org/abstract/document/1687923}
}

@article{kawaguchi2021recipe,
title={A Recipe for Global Convergence Guarantee in Deep Neural Networks},
author={Kawaguchi, Kenji and Sun, Qingyun},
journal={arXiv preprint arXiv:2104.05785},
year={2021},
note={Published in AAAI 2021},
url={https://arxiv.org/abs/2104.05785},
archivePrefix={arXiv},
primaryClass={cs.LG},
keywords={Machine Learning (cs.LG); Artificial Intelligence (cs.AI); Computer Vision and Pattern Recognition (cs.CV); Optimization and Control (math.OC); Machine Learning (stat.ML)},
doi={10.48550/arXiv.2104.05785},
}

@article{zhiteckii2012convergence,
title={Convergence of Learning Algorithms in Neural Networks for Adaptive Identification of Nonlinearly Parameterized Systems},
author={Zhiteckii, Leonid S. and Azarskov, Valerii N. and Nikolaienko, Sergii A.},
journal={IFAC Proceedings Volumes},
volume={45},
number={16},
pages={1593--1598},
month={July},
year={2012},
doi={10.3182/20120711-3-BE-2027.00150}
}

@book{sutton2015reinforcement,
title={Reinforcement Learning: An Introduction},
author={Sutton, Richard S. and Barto, Andrew G.},
year={2015},
edition={Second},
publisher={The MIT Press},
address={Cambridge, Massachusetts, London, England},
url={https://web.stanford.edu/class/psych209/Readings/SuttonBartoIPRLBook2ndEd.pdf}
}

@article{el-tantawy2013multiagent,
title={Multiagent Reinforcement Learning for Integrated Network of Adaptive Traffic Signal Controllers (MARLIN-ATSC): Methodology and Large-Scale Application on Downtown Toronto},
author={El-Tantawy, Samah and Abdulhai, Baher},
journal={IEEE Transactions on Intelligent Transportation Systems},
volume={14},
number={3},
pages={1140--1150},
year={2013},
doi={10.1109/TITS.2013.2255286}
}

@article{faust2018prm,
title={PRM-RL: Long-range Robotic Navigation Tasks by Combining Reinforcement Learning and Sampling-Based Planning},
author={Faust, Aleksandra and Oslund, Kenneth and Ramirez, Oscar and Francis, Anthony and Tapia, Lydia and Fiser, Marek and Davidson, James},
journal={2018 IEEE International Conference on Robotics and Automation (ICRA)},
volume={},
number={},
pages={},
year={2018},
doi={10.1109/ICRA.2018.8461096},
publisher={IEEE},
conference-location={Brisbane, QLD, Australia},
date-added-to-xplore={13 September 2018},
isbn-issn={Electronic ISSN: 2577-087X},
inspec-accession-number={18095929},
}

@article{fan2023review,
title={A Review for Deep Reinforcement Learning in Atari:Benchmarks, Challenges, and Solutions},
author={Fan, Jiajun},
journal={arXiv preprint arXiv:2112.04145v5},
year={2023},
note={Preliminary work, preprint},
eprint={2112.04145},
archivePrefix={arXiv},
primaryClass={cs.AI},
url={https://doi.org/10.48550/arXiv.2112.04145}
}

@article{watkins1992q,
title={Q-learning},
author={Watkins, Christopher J. C. H. and Dayan, Peter},
journal={Machine Learning},
volume={8},
number={3-4},
pages={279--292},
year={1992},
month={May},
publisher={Springer},
doi={10.1007/BF00992698}
}

@article{even-dar2001convergence,
title={Convergence of optimistic and incremental Q-learning},
author={Even-Dar, Eyal and Mansour, Yishay},
journal={NIPS'01: Proceedings of the 14th International Conference on Neural Information Processing Systems: Natural and Synthetic},
volume={},
number={},
pages={1499--1506},
year={2001},
month={January},
publisher={ACM},
doi={10.5555/2980539.2980734},
url={https://dl.acm.org/doi/abs/10.5555/2980539.2980734}
}

@article{mnih2013playing,
title={Playing Atari with Deep Reinforcement Learning},
author={Mnih, Volodymyr and Kavukcuoglu, Koray and Silver, David and Graves, Alex and Antonoglou, Ioannis and Wierstra, Daan and Riedmiller, Martin},
journal={NIPS Deep Learning Workshop},
year={2013},
eprint={1312.5602},
archivePrefix={arXiv},
primaryClass={cs.LG},
url={https://doi.org/10.48550/arXiv.1312.5602}
}

@article{christiano2017deep,
title={Deep Reinforcement Learning from Human Preferences},
author={Christiano, Paul F and Leike, Jan and Brown, Tom T and Martic, Miljan and Legg, Shane and Amodei, Dario},
journal={arXiv preprint arXiv:1706.03741},
year={2017}
}

@article{irving2018aisafety,
title={AI safety via debate},
author={Irving, Geoffrey and Christiano, Paul and Amodei, Dario},
journal={arXiv preprint arXiv:1805.00899},
year={2018},
note={Submitted on 2 May 2018 (v1), last revised 22 Oct 2018 (this version, v2)},
url={https://arxiv.org/abs/1805.00899},
doi={10.48550/arXiv.1805.00899},
pages={24},
keywords={Machine Learning (stat.ML); Machine Learning (cs.LG)},
}

@article{Gabriel2020,
title={Artificial Intelligence, Values, and Alignment},
author={Gabriel, Iason},
journal={Minds and Machines},
volume={30},
pages={411--437},
year={2020},
month={Oct},
doi={10.1007/s11023-020-09539-2},
url={https://link.springer.com/article/10.1007/s11023-020-09539-2},
note={Open Access},
}

@article{sarkar2023first,
title={First Application of AlphaFold in Identifying Potential Liver Cancer Drug},
author={Sarkar, Anjali A.},
journal={Genetic Engineering \& Biotechnology News},
year={2023},
month={January},
day={24},
url={https://www.genengnews.com/topics/drug-discovery/first-application-of-alphafold-in-identifying-potential-liver-cancer-drug/},
}

@article{zhang2022dpam,
title={DPAM: A Domain Parser for AlphaFold Models},
author={Zhang, Jing and Schaeffer, R. Dustin and Durham, Jesse and Cong, Qian and Grishin, Nick V.},
journal={Protein Science},
doi={10.1002/pro.4548},
year={2023},
note={Originally published on bioRxiv: doi: https://doi.org/10.1101/2022.09.22.509116}
}

@article{arshadi2020artificial,
title={Artificial Intelligence for COVID-19 Drug Discovery and Vaccine Development},
author={Arshadi, Arash Keshavarzi and Webb, Julia and Salem, Milad and Cruz, Emmanuel and Calad-Thomson, Stacie and Ghadirian, Niloofar and Collins, Jennifer and Diez-Cecilia, Elena and Kelly, Brendan and Goodarzi, Hani and Yuan, Jiann Shiun},
journal={Frontiers in Artificial Intelligence},
volume={3},
pages={65},
year={2020},
month={August},
publisher={Frontiers},
doi={10.3389/frai.2020.00065},
url={https://www.frontiersin.org/article/10.3389/frai.2020.00065},
note={This article is part of the Research Topic Coronavirus Disease (COVID-19): Pathophysiology, Epidemiology, Clinical Management and Public Health Response},
section={Medicine and Public Health}
}

@article{chatgpt,
title={Introducing ChatGPT},
author={OpenAI},
journal={OpenAI Blog},
year={2021},
url={https://openai.com/blog/chatgpt}
}
@article{toews2023next,
title={The Next Generation Of Large Language Models},
author={Toews, Rob},
journal={Forbes},
year={2023},
month={February},
day={7},
url={https://www.forbes.com/sites/robtoews/2023/02/07/the-next-generation-of-large-language-models/?sh=2598e6d418db}
}

@article{brutzkus2018larger,
title={Why do Larger Models Generalize Better? A Theoretical Perspective via the XOR Problem},
author={Brutzkus, Alon and Globerson, Amir},
journal={arXiv preprint arXiv:1810.03037},
year={2018},
archivePrefix={arXiv},
primaryClass={cs.LG},
eprint={1810.03037},
url={https://arxiv.org/abs/1810.03037},
doi={10.48550/arXiv.1810.03037},
note={Submitted on 6 Oct 2018 (v1), last revised 29 Jan 2019 (this version, v2)}
}

@article{bilton2014ai,
title={Artificial Intelligence as a Threat},
author={Bilton, Nick},
journal={The New York Times},
volume={68},
year={2014},
url={https://www.nytimes.com/2014/11/06/fashion/artificial-intelligence-as-a-threat.html},
urldate={2023-04-03}
}
@article{dowd2017elon,
title={Elon Musk’s Billion-Dollar Crusade to Stop the A.I. Apocalypse},
author={Dowd, Maureen},
journal={Vanity Fair},
volume={},
number={},
pages={},
year={2017},
month={April},
url={https://www.vanityfair.com/news/2017/03/elon-musk-billion-dollar-crusade-to-stop-ai-space-x}
}

@article{openphilanthropy2015potential,
title={Potential Risks from Advanced Artificial Intelligence},
author={Open Philanthropy Project},
journal={Open Philanthropy Project},
volume={},
number={},
pages={},
year={2015},
month={August},
url={https://www.openphilanthropy.org/research/potential-risks-from-advanced-artificial-intelligence/},
}

@article{yudkowsky2008artificial,
title={Artificial Intelligence as a Positive and Negative Factor in Global Risk},
author={Yudkowsky, Eliezer},
journal={Global Catastrophic Risks},
editor={Bostrom, Nick and Ćirković, Milan M.},
pages={308--345},
year={2008},
publisher={Oxford University Press},
address={New York},
note={This version contains minor changes},
url={https://intelligence.org/files/AIPosNegFactor.pdf}
}

@article{good1965speculations,
title={Speculations Concerning the First Ultraintelligent Machine},
author={Good, Irving John},
journal={Advances in Computers},
volume={6},
pages={31--88},
year={1965},
publisher={Elsevier}
}

@book{bostrom2014superintelligence,
title={Superintelligence: Paths, Dangers, Strategies},
author={Bostrom, Nick and Ryan, Napoleon},
year={2014},
publisher={Oxford University Press},
}

@article{wachowski1999matrix,
title={The Matrix},
author={Wachowski, L. and Wachowski, L.},
journal={Warner Bros.},
year={1999}
}

@misc{cameron1984terminator,
title={The Terminator},
author={Cameron, James},
year={1984},
publisher={Orion Pictures},
address={United States}
}

@article{zhu2023principled,
title={Principled Reinforcement Learning with Human Feedback from Pairwise or K-wise Comparisons},
author={Zhu, Banghua and Jiao, Jiantao and Jordan, Michael I.},
journal={arXiv preprint arXiv:2301.11270},
year={2023},
url={https://arxiv.org/abs/2301.11270},
archivePrefix={arXiv},
eprint={2301.11270},
primaryClass={cs.LG},
doi={10.48550/arXiv.2301.11270},
}

@article{beurer-kellner2022prompting,
title={Prompting Is Programming: A Query Language For Large Language Models},
author={Beurer-Kellner, Luca and Fischer, Marc and Vechev, Martin},
journal={arXiv preprint arXiv:2212.06094},
year={2022},
archivePrefix={arXiv},
primaryClass={cs.CL},
eprint={2212.06094},
doi={10.48550/arXiv.2212.06094},
}

@article{hightower2019artificial,
title={How artificial intelligence will serve the elite and powerful — and leave working people behind},
author={Hightower, Jim and Creators Syndicate},
journal={Alternet},
month={April},
year={2019},
url={https://www.alternet.org/2019/04/how-artificial-intelligence-will-serve-the-elite-and-powerful-and-leave-working-people-behind}
}

@inbook{swett2021designing,
title={Designing Robots for the Battlefield: State of the Art},
author={Swett, Bruce A. and Hahn, Erin N. and Llorens, Ashley J.},
booktitle={Robotics, AI, and Humanity},
pages={131--146},
year={2021},
publisher={Springer},
doi={10.1007/978-3-030-54173-6\_11},
url={https://link.springer.com/chapter/10.1007/978-3-030-54173-6\_11},
}

@article{vincent2018future,
title={The future of war will be fought by machines, but will humans still be in charge?},
author={Vincent, James},
journal={The Verge},
year={2018},
month={Apr},
day={24},
url={https://www.theverge.com/2018/4/24/17274372/ai-warfare-autonomous-weapons-paul-scharre-interview-army-of-none},
note={TECH/ROBOT/ARTIFICIAL INTELLIGENCE},
}

@article{belenguer2022AIbias,
title={AI bias: exploring discriminatory algorithmic decision-making models and the application of possible machine-centric solutions adapted from the pharmaceutical industry},
author={Belenguer, Lorenzo},
journal={AI and Ethics},
volume={2},
pages={771--787},
year={2022},
doi={10.1007/s43681-022-00138-8},
publisher={Springer},
url={https://link.springer.com/article/10.1007/s43681-022-00138-8},
abstract={},
}
@book{asimov1950irobot,
title={I, Robot},
author={Asimov, Isaac},
year={1950},
publisher={Doubleday},
address={Garden City, N.Y.}
}

@misc{westworld,
  title = {Westworld},
  author = {Jonathan Nolan and Lisa Joy},
  year = {2016-2020},
  url = {https://www.hbo.com/westworld}
}
@misc{exmachina,
  title = {Ex Machina},
  author = {Alex Garland},
  year = {2014},
  url = {https://www.imdb.com/title/tt0470752/}
}
@misc{startrektng,
  title = {Star Trek: The Next Generation},
  author = {Gene Roddenberry},
  year = {1987-1994},
  url = {https://www.imdb.com/title/tt0092455/}
}
@article{szabo2021impact,
title={Impact of Industry 4.0 and Digitization on Labor Market for 2030-Verification of Keynes’ Prediction},
author={Szabó-Szentgróti, Gábor and Végvári, Bence and Varga, József},
journal={Sustainability},
volume={13},
number={14},
pages={7703},
year={2021},
publisher={MDPI},
address={Basel, Switzerland},
doi={https://doi.org/10.3390/su13147703},
note={This article belongs to the Section Economic and Business Aspects of Sustainability},
url={https://www.mdpi.com/2071-1050/13/14/7703\#B9-sustainability-13-07703}
}

@article{vacek2017road,
title={On the Road: From Industry 4.0 to Society 4.0},
author={Vacek, Jiří},
journal={International Journal of Entrepreneurial Knowledge},
volume={5},
number={1},
year={2017},
pages={47--55},
doi={10.2478/ijek-2018-0005},
url={https://dspace5.zcu.cz/bitstream/11025/29779/1/4-2017-clanek-6.pdf}
}

@article{pereira2020industry,
title={Industry 4.0 and Society 5.0: Opportunities and Threats},
author={Pereira, Andreia G. and Lima, T^ania M. and Santos, Fernando Charrua},
journal={International Journal of Recent Technology and Engineering},
volume={9},
number={2},
pages={6391--6396},
year={2020},
doi={10.35940/ijrte.D8764.018520},
peerreview={yes},
url={http://hdl.handle.net/10400.6/11579},
keywords={Industry 4.0; Society 5.0; Cyber-Physical Systems}
}

@article{howard2015changing,
title={The changing employment relationship and its impact on worker well-being},
author={Howard, John},
journal={NIOSH E-News},
year={2015},
url={http://www.cdc.gov/niosh/enews/enewsV12N12.html},
}

@article{schnall2016globalization,
title={Globalization and Its Consequences for Health Globalization, Work, and Cardiovascular Disease},
author={Schnall, Peter L. and Dobson, Marnie and Landsbergis, Paul},
journal={International Journal of Health Services},
volume={46},
number={4},
pages={656--692},
year={2016},
publisher={SAGE Publications},
doi={10.1177/0020731416664687},
url={https://journals.sagepub.com/doi/abs/10.1177/0020731416664687},
}

@misc{roberts2021workforce,
title={The 9-to-5 Workday Is So Last Century},
author={Amanda Roberts},
howpublished={Blog post},
publisher={Ziff Davis},
year={2021},
month={December},
day={16},
url={https://www.spiceworks.com/hr/workforce-management/articles/the-9to5-workday-is-so-last-century/}
}

@article{pendell2022world,
title={The World's \$7.8 Trillion Workplace Problem},
author={Pendell, Ryan},
journal={Workplace},
year={2022},
month={June},
day={14},
url={https://www.gallup.com/workplace/393497/world-trillion-workplace-problem.aspx}
}

@article{voth1998time,
title={Time and Work in Eighteenth-Century London},
author={Voth, Hans-Joachim},
journal={The Journal of Economic History},
volume={58},
number={1},
pages={29--58},
year={1998},
publisher={Cambridge University Press},
doi={https://doi.org/10.1017/S0022050700019872}
}

@article{melo2011convergence,
title={Convergence of Q-learning: a simple proof},
author={Melo, Francisco S.},
journal={Institute for Systems and Robotics},
address={Instituto Superior Técnico, Lisboa, Portugal},
year={2011},
url={http://users.isr.ist.utl.pt/~mtjspaan/readingGroup/ProofQlearning.pdf}
}

@article{jee2023never,
title={I'll Never Code the Same Again... (GPT-4 is OP)},
author={Jee, Ken},
journal={YouTube},
year={2023},
url={https://www.youtube.com/watch?v=RRnThAtKuq0},
}
@misc{simkin2023,
title={aI Safety Framework},
author={Simkin, Michael},
year={2023},
url={https://github.com/simsim314/AI-Safety-Framework},
publisher={GitHub},
note={[Prompts, Chat Examples]}
}

@misc{transformers_movie,
title = {Transformers},
author = {Bay, Michael and Kurtzman, Alex and Orci, Roberto},
year = {2007},
howpublished = {Film},
}

@misc{who2018road,
title={Global Status Report on Road Safety 2018},
author={World Health Organization},
year={2018},
url = {https://www.who.int/news-room/fact-sheets/detail/road-traffic-injuries},
note={Accessed on April 5, 2023}
}

@article{wu2023bloomberggpt,
title={BloombergGPT: A Large Language Model for Finance},
author={Wu, Shijie and Irsoy, Ozan and Lu, Steven and Dabravolski, Vadim and Dredze, Mark and Gehrmann, Sebastian and Kambadur, Prabhanjan and Rosenberg, David and Mann, Gideon},
journal={arXiv preprint arXiv:2303.17564},
year={2023},
eprint={2303.17564},
archivePrefix={arXiv},
primaryClass={cs.LG},
keywords={Machine Learning (cs.LG); Artificial Intelligence (cs.AI); Computation and Language (cs.CL); General Finance (q-fin.GN)},
url={https://arxiv.org/abs/2303.17564},
doi={10.48550/arXiv.2303.17564}
}

@misc{jaiswal2023artificial,
title={Artificial Intelligence And Its Application In Media, Communication And Entertainment},
author={Jaiswal, Sapana},
journal={},
volume={},
number={},
pages={},
year={2023},
publisher={},
url={http://210.212.169.38/xmlui/handle/123456789/12251}
}

@article{sejnowski2020unreasonable,
title={The unreasonable effectiveness of deep learning in artificial intelligence},
author={Sejnowski, Terrence J},
journal={Proceedings of the National Academy of Sciences},
volume={117},
number={48},
pages={30033--30038},
year={2020},
publisher={National Academy of Sciences}
}

@article{egri-nagy2020game,
title={The Game Is Not over Yet—Go in the Post-AlphaGo Era},
author={Egri-Nagy, Attila and Törmänen, Antti},
journal={Philosophies},
volume={5},
number={4},
pages={37},
year={2020},
publisher={Multidisciplinary Digital Publishing Institute},
address={Yuwa, Akita City 010-1292, Japan},
doi={https://doi.org/10.3390/philosophies5040037}
}

@article{ye2022pretraining,
title={On the Power of Pre-training for Generalization in RL: Provable Benefits and Hardness},
author={Ye, Haotian and Chen, Xiaoyu and Wang, Liwei and Du, Simon S.},
journal={arXiv preprint arXiv:2210.10464},
year={2022},
url={https://arxiv.org/abs/2210.10464},
archivePrefix={arXiv},
primaryClass={cs.LG},
}

@article{rengarajan2022reinforcement,
title={Reinforcement Learning with Sparse Rewards using Guidance from Offline Demonstration},
author={Rengarajan, Desik and Vaidya, Gargi and Sarvesh, Akshay and Kalathil, Dileep and Shakkottai, Srinivas},
journal={arXiv preprint arXiv:2202.04628},
year={2022},
url={https://arxiv.org/abs/2202.04628},
archivePrefix={arXiv},
primaryClass={cs.LG}
}

@misc{simkin,
author = {Simkin, Michael},
title = {Michael Simkin},
howpublished = {https://conwaylife.com/wiki/Michael\_Simkin}
}

@article{golly,
title={Golly},
author={Trevorrow, A. and Rokicki, T. and Greene, D. and Summers, J. and Hutton, T. and Verver, M. and Munafo, R. and Rowett, C. and Lee, D.},
journal={ConwayLife.com},
url={https://conwaylife.com/wiki/Golly},
year={2005}
}

@misc{i_am_mother,
title={I Am Mother},
author={Sputore, Grant and Green, Michael Lloyd},
year={2019},
publisher={Penguin Empire Southern Light Films Mister Smith Entertainment Endeavor Content},
url={https://www.imdb.com/title/tt6292852/},
}

@article{lin2020review,
title={A Review on Interactive Reinforcement Learning From Human Social Feedback},
author={Lin, Jinying and Ma, Zhen and Gomez, Randy and Nakamura, Keisuke and He, Bo and Li, Guangliang},
journal={IEEE Access},
volume={8},
year={2020},
publisher={IEEE},
url={https://ieeexplore.ieee.org/abstract/document/9131765}
}
